@article{matsumoto_tracking_2013,
    title = {Tracking beaked whales with a passive acoustic profiler float},
    volume = {133},
    issn = {00014966},
    doi = {10.1121/1.4773260},
    pages = {731},
    number = {2},
    journaltitle = {The Journal of the Acoustical Society of America},
    author = {Matsumoto, Haru and Jones, Christopher and Klinck, Holger and Mellinger, David K. and Dziak, Robert P. and Meinig, Christian},
    date = {2013},
    langid = {english},
}
@book{Lamport,
  title     = "\LaTeX: A Document Preparation
              System",
  author    = "Lamport, Leslie",
  publisher = "Addison-Wesley",
  year      = 1994
}
 
@book{Companion,
  title     = "\LaTeX{} Companion",
  author    = "Goossens, Michel and Mittelbach,
              Frank and Samarin, Alexander",
  publisher = "Addison-Wesley",
  year      = 1994
}

@article{leparisien,
         title = {Clés ou portable égarés : on perd deux mois dans sa vie à les chercher},
         date = {2015},
         url= {https://www.leparisien.fr/economie/cles-ou-portable-egares-on-perd-deux-mois-dans-sa-vie-a-les-chercher-21-03-2015-4624461.php}
}

@site{tout-pour-phone,
         title = {Batterie iPhone 11},
         date = {2023},
         url= {https://www.tout-pour-phone.com/pieces-detachees-iphone-11/12952-batterie-iphone-11-3663484129529.html}
}

@site{bestpiles,
         date = {2023},
         url= {https://bestpiles.fr/piles-rechargeables-aa-hr6/708-pile-rechargeable-aa-130aam-gp-batteries-nimh-12v-1300mah-7417940530352.html}
}