
@article{exxotest,
         title = {MULTIPLEXAGE CAN HS, CAN LS, LIN},
         date = {2015},
         url= {https://exxotest.com/wp-content/uploads/2018/03/GU_MT-CAN-LIN-BSI_FR.pdf}
}

@article{klavkarr,
         title = {L'OBD c'est quoi ?},
         date = {2024},
         url= {https://www.outilsobdfacile.fr/presentation-de-l-obd.php}
}

